%
%  An example of a bibliographical database for bibTeX
%
%  Recommended software for maintenance of *.bib files:
%    JabRef, http://jabref.sourceforge.net/
%
%  BEWARE:
%
%    *  If a name contains a capital letter, which must be kept such,
%       use curly brackets ({T}hailand, {HIV}).
%
%  ===========================================================================

@article{Yeh,
    title={Electromagnetic propagation in birefringent layered media},
    author={Pochi Yeh}
}

@article{Yehsing1,
    title={Optical degeneracies in anisotropic layered media: Treatment of singularities in a 4x4 matrix formalism},
    author={Wu}
}

@article{Vispolar,
    title={Polar magneto-optics in simple ultrathin-magnetic-film structures},
    author={Višňovský}
}

@thesis{Berreman,
  title = {Základy matematické statistiky},
  publisher = {Matfyzpress},
  year = {2007},
  author = {Anděl, J.},
  address = {Praha},
  series = {Druhé opravené vydání},
  isbn = {80-7378-001-1}
}

@article{muvac1,
    title={Photonic Metamaterials: Magnetism at Optical Frequencies}
}


@article{Bornwolf,
    title={Principles of optics}
}

@article{Visvlakna,
    title={Integrovaná a vláknová optika}
}

@article{JonesMueller,
    title={Jones and Mueller matrices: structure,
symmetry relations and information content}
}

@article{Muellerdiff,
    title={Differential matrix formalism for
depolarizing anisotropic media}
}

@article{pestujemealgebru,
    title={Pěstujeme lineární algebru}
}

@article{Silber,
    title={Quadratic magnetooptic Kerr effect
spectroscopy of magnetic thin films with
cubic crystal structure}
}


@article{Onsager,
    title={Reciprocal relations in irreversible processes II.}
}

@article{Visbible,
    title={Magnetooptics in magnetic multilayers}
}

@article{Hamrlova,
    title={Quadratic-in-magnetization permittivity and conductivity tensor in cubic crystals}
}

@article{Callen,
    title={Thermodynamics and introduction to thermostatistics}
}

@article{StonerWohlfarth,
    title={A MECHANISM OF MAGNETIC HYSTERESIS IN
HETEROGENEOUS ALLOYS}
}

@article{Kucharik,
    title={Studium spinové polarizace pomocí laserové spektroskopie}
}

@article{Reichlova,
    title={Ultrarychlá laserová spektroskopie magnetického polovodiče GaMnAs}
}

@article{Janda,
    title={Dynamika spinové polarizace v polovodičích}
}

@article{SaidlOpticalNeel,
    title={Optical determination of the Néel vector in a CuMnAs thin-film antiferromagnet}
}

@article{ZvezdinKotov,
    title={Zvezdin Kotov}
}

@article{systematicgamnas,
    title={Systematic study of magnetic linear dichroism and birefringence in (Ga,Mn)As}
}

@article{pozor1,
    title={Giant quadratic magneto-optical Kerr effect in (Eu,Gd)O films for magnetic field sensing}
}

@article{pozor2,
    title={Observation of Giant Magnetic Linear Dichroism in Ga, Mn As}
}
@article{pozor3,
    title={Low temperature Voigt effect in the terbium gallium garnet crystal}
}

@article{ruznemetody,
    title={High precision magnetic linear dichroism measurements in (Ga,Mn)As}
}

@article{Voigtmikroskop,
    title={Voigt effect-based wide-field magneto-optical microscope integrated in a pump-probe experimental setup}
}

@article{antifdomeny,
    title={Imaging antiferromagnetic domains in nickel oxide thin films by optical birefringence effect}
}

@article{antifteploty,
    title={Magneto-optic response of the metallic antiferromagnet Fe 2 As to ultrafast temperature excursions}
}

@article{Kimak1,
    title={BP Kimak}
}

@article{Wohlrath,
    title={BP Wohlrath}
}

@article{Kubascik,
    title={BP Kubascik}
}

@article{Kimak2,
    title={DP Kimak}
}

@article{VISMOKE,
    title={Vicinal interface sensitive magneto-optical Kerr effect: Application to Co/Au(322)}
}

@article{osmismerna,
    title={Anisotropy of quadratic magneto-optic effects in reflection}
}

@article{osmismernaSilber,
    title={Quadratic magneto-optic Kerr effect spectroscopy of Fe epitaxial films on MgO(001) substrates}
}

@article{rotpole1,
    title={Separation of linear and quadratic magneto-optic Kerr effects in ultra-thin Fe films using a rotating field method}
}

@article{rotpole2,
    title={Quantitative study of the quadratic magneto-optical Kerr effects in Fe films}
}

@article{ROTMOKE,
    title={Determination of the anisotropy field strength in ultra-thin magnetic films using longitudinal MOKE and a rotating field: the ROTMOKE method}
}

@article{Berremanperturb,
    title={General analytical treatment of optics in layered structures: Application to magneto-optics}
}

@article{Jones,
    title={A new calculus for the treatment of optical systems, I. Description and Discussion of the Calculus. Journal of the Optical Society of America}
}

@article{Muellergeom,
    title={Poincaré sphere mapping by Mueller matrices}
}

@article{magentalpie,
    title={Thermodynamic potentials for simple magnetic systems}
}

@article{AMRCoFe,
    title={Intrinsic Mechanism for Anisotropic Magnetoresistance and Experimental Confirmation in Co x Fe 1 − x Single-Crystal Films}
}

@article{Ostatnicky,
    title={Ostatnický - článek v přípravě}
}

@article{Jungwirthantifero,
    title={Antiferromagnetic spintronics, Nature Nanotechnology}
}

@article{Nemecantifero,
    title={P. Němec, M. Fiebig, T. Kampfrath, A. V. Kimel: Antiferromagnetic opto-spintronics, Nature Physics}
}

@article{Heusler,
    title={Huge quadratic magneto-optical Kerr effect and magneti-zation reversal in the Co 2 FeSi Heusler compound}
}