
@misc{wuUstniSdeleni,
  type = {{\'ustn\'i sd\v{e}len\'i}},
  author = {Wu, Y. Z.},
  howpublished = {\'ustn\'i sd\v{e}len\'i},
  year = {2020}
}


@article{hamrlovaQuadraticinmagnetizationPermittivityConductivity2013,
  title = {Quadratic-in-Mag\-ne\-ti\-za\-tion Permittivity and Conductivity Tensor in Cubic Crystals},
  shorttitle = {Quadratic-in-Magnetization Permittivity and Conductivity Tensor in Cubic Crystals},
  author = {Hamrlov{\'a}, Jana and Hamrle, Jaroslav and Postava, Kamil and Pi{\v s}tora, Jarom{\'i}r},
  year = {2013},
  month = oct,
  journal = {physica status solidi (b)},
  volume = {250},
  number = {10},
  pages = {2194--2205},
  issn = {03701972},
  doi = {10.1002/pssb.201349031},
  langid = {english},
  file = {/data/references/storage/KT6HAECP/Hamrlov√° et al. - 2013 - Quadratic-in-magnetization permittivity and conduc.pdf}
}


@article{xuOpticalDegeneraciesAnisotropic2000,
  title = {Optical Degeneracies in Ani\-so\-tro\-pic Layered Media: {{Treatment}} of Singularities in a 4\texttimes 4 Matrix Formalism},
  shorttitle = {Optical Degeneracies in Anisotropic Layered Media},
  author = {Xu, W. and Wood, L. T. and Golding, T. D.},
  year = {2000},
  month = jan,
  journal = {Physical Review B},
  volume = {61},
  number = {3},
  pages = {1740--1743},
  issn = {0163-1829, 1095-3795},
  doi = {10.1103/PhysRevB.61.1740},
  langid = {english},
  file = {/data/references/storage/KF4BRTW7/Xu et al. - 2000 - Optical degeneracies in anisotropic layered media.pdf}
}

@article{ossikovskiDifferentialMatrixFormalism2011,
  title = {Differential Matrix Formalism for Depolarizing Ani\-so\-tro\-pic Media},
  author = {Ossikovski, Razvigor},
  year = {2011},
  month = jun,
  journal = {Optics Letters},
  volume = {36},
  number = {12},
  pages = {2330},
  issn = {0146-9592, 1539-4794},
  doi = {10.1364/OL.36.002330},
  langid = {english},
  file = {/data/references/storage/L26Q6ZA3/Ossikovski - 2011 - Differential matrix formalism for depolarizing ani.pdf}
}
