
@article{caoTemperaturedependentMagneticAnisotropies2011,
  title = {Temperature-Dependent Magnetic Anisotropies in Epitaxial {{Fe}}/{{CoO}}/{{MgO}}(001) System Studied by the Planar {{Hall}} Effect},
  author = {Cao, W. N. and Li, J. and Chen, G. and Zhu, J. and Hu, C. R. and Wu, Y. Z.},
  year = {2011},
  month = jun,
  journal = {Applied Physics Letters},
  volume = {98},
  number = {26},
  pages = {262506},
  issn = {0003-6951, 1077-3118},
  doi = {10.1063/1.3606531},
  langid = {english},
  file = {/data/references/storage/H8CFGAEF/Cao et al. - 2011 - Temperature-dependent magnetic anisotropies in epi.pdf}
}

@article{zengIntrinsicMechanismAnisotropic2020,
  title = {Intrinsic {{Mechanism}} for {{Anisotropic Magnetoresistance}} and {{Experimental Confirmation}} in {{Co}} x {{Fe}} 1 - x {{Single-Crystal Films}}},
  author = {Zeng, F. L. and Ren, Z. Y. and Li, Y. and Zeng, J. Y. and Jia, M. W. and Miao, J. and Hoffmann, A. and Zhang, W. and Wu, Y. Z. and Yuan, Z.},
  year = {2020},
  month = aug,
  journal = {Physical Review Letters},
  volume = {125},
  number = {9},
  pages = {097201},
  issn = {0031-9007, 1079-7114},
  doi = {10.1103/PhysRevLett.125.097201},
  langid = {english},
  file = {/data/references/storage/5BCAUNCZ/Zeng et al. - 2020 - Intrinsic Mechanism for Anisotropic Magnetoresista.pdf;/data/references/storage/A8TKSRJV/Giant current-orientation effect of anisotropic magnetoresistance in CoFe rv18.docx;/data/references/storage/GIBIE8PT/CoFe_AMR_Supplemental-rev3.pdf}
}


