
@techreport{baduraMagnetooptickaMereniPro2019,
  type = {Z\'av\v{e}re\v{c}n\'a Zpr\'ava Studentsk\'eho Projektu},
  title = {Magneto-Optick\'a M\v{e}\v{r}en\'i pro Spintronick\'e Aplikace},
  author = {Ba{\v d}ura, Anton{\'i}n},
  year = {2019},
  address = {{Praha}},
  institution = {{Univerzita Karlova}},
  keywords = {mol},
  file = {/data/references/storage/562RH7CW/SP_2019_Badura.pdf}
}

@phdthesis{betusiakStavbaLaserovehoSkenovacieho2018,
  type = {Bakal\'a\v{r}sk\'a Pr\'ace},
  title = {Stavba Laserov\'eho Skenovacieho Magneto-Optick\'eho Mikroskopu},
  author = {Betu{\v s}iak, Mari{\'a}n},
  year = {2018},
  month = sep,
  address = {{Praha}},
  abstract = {N\'azov pr\'ace: Stavba laserov\'eho skenovacieho magneto-optick\'eho mikroskopu Autor: Mari\'an Betu\v{s}iak Katedra: Katedra chemickej fyziky a optiky Ved\'uci bakal\'arskej pr\'ace: prof. RNDr. Petr N\v{e}mec, Ph.D., Katedra chemickej fyziky a optiky Abstrakt: Cie\v{l}om tejto pr\'ace bolo postavi\v{t} skenovac\'i magneto-optick\'y mikroskop v novo vybudovanom Magneto-optickom laborat\'oriu na katedre chemickej fyziky a optiky a hlavne porovna\v{t} r\^ozne techniky detekcie magneto-optick\'eho (MO) sign\'alu. V r\'amci pr\'iprav sme najprv simulovali sign\'al detegovan\'y v jednotliv\'ych optick\'ych usporiadaniach pomocou Jonesovho maticov\'eho formalizmu. N\'asledne sme overili funk\v{c}nos\v{t} postaven\'eho mikroskopu na feromagnetickej vzorke YIG:Pr a experiment\'alne porovnali jednotliv\'e met\'ody merania MO sign\'alu. Z\'iskan\'e experiment\'alne v\'ysledky s\'u vo v\'ybornej kvalitat\'ivnej zhode s predikciami Jonesovej te\'orie. K\v{l}\'u\v{c}ov\'e slov\'a: skenovac\'i magneto-optick\'y mikroskop, Kerrov jav, magnetick\'e dom\'eny},
  school = {Univerzita Karlova},
  keywords = {pem},
  annotation = {Accepted: 2021-03-25T22:54:54Z},
  file = {/data/references/storage/TZC9MWD7/Betušiak - 2018 - Stavba laserového skenovacieho magneto-optického m.pdf;/data/references/storage/777INIC4/101910.html}
}

@phdthesis{brajerLaserovaSpektroskopieMaterialu2015,
  type = {Diplomov\'a Pr\'ace},
  title = {Laserov\'a Spektroskopie Materi\'al\r{u} pro Spintroniku},
  author = {Brajer, Martin},
  year = {2015},
  month = jun,
  address = {{Praha}},
  abstract = {V t\'eto diplomov\'e pr\'aci se zab\'yv\'ame studiem magneticky uspo\v{r}\'adan\'ych materi\'al\r{u} s v\'yhledem na jejich pou\v{z}it\'i ve spintronice. Konkr\'etn\v{e} kovov\'e sliti- ny FeRh, kter\'a okolo teploty 100{$\smwhtcircle$} C proch\'az\'i magnetick\'ym f\'azov\'ym p\v{r}echodem z antiferomagnetick\'e f\'aze do feromagnetick\'e, co\v{z} se d\'a s \'usp\v{e}chem uplatnit v pam\v{e}t'ov\'ych m\'edi\'ich. Pou\v{z}\'iv\'ame laserovou spektroskopii jako nedestruktivn\'i me- todu nevy\v{z}aduj\'ic\'i p\v{r}ipojen\'i elektrick\'ych kontakt\r{u}. Magnetick\'e vlastnosti FeRh studujeme pomoc\'i magnetooptick\'ych jev\r{u} v\v{c}etn\v{e} kvadratick\'eho magnetick\'eho line\'arn\'iho dichroismu. M\v{e}\v{r}en\'e efekty jsou v \v{r}\'adu miliradi\'an\r{u}, detekci tedy re- alizujeme optick\'ym m\r{u}stkem. Nejd\v{r}\'ive se v\v{e}nujeme zp\r{u}sobu odd\v{e}len\'i r\r{u}zn\'ych magnetooptick\'ych sign\'al\r{u} od sebe, ve druh\'e \v{c}\'asti pak r\r{u}zn\'ymi metodami vy- volan\'emu f\'azov\'emu p\v{r}echodu - jednak zah\v{r}\'iv\'an\'im cel\'eho vzorku a d\'ale lok\'aln\v{e} kontinu\'aln\'im laserem.},
  school = {Univerzita Karlova},
  keywords = {ferh,mld},
  annotation = {Accepted: 2017-05-26T11:54:59Z},
  file = {/data/references/storage/VHECZHEC/Brajer - 2015 - Laserová spektroskopie materiálů pro spintroniku.pdf;/data/references/storage/4AL2L4NI/62628.html}
}

@phdthesis{brajerStudiumNovychMaterialu2012,
  type = {Bakal\'a\v{r}sk\'a Pr\'ace},
  title = {Studium Nov\'ych Materi\'al\r{u} pro Generov\'an\'i Druh\'e Harmonick\'e Frekvence},
  author = {Brajer, Martin},
  year = {2012},
  month = jun,
  address = {{Praha}},
  abstract = {V t\'eto bakal\'a\v{r}sk\'e pr\'aci se zab\'yv\'ame studiem optick\'ych vlastnost\'i materi\'al\r{u} c\'ilen\v{e} p\v{r}ipravovan\'ych pro \'u\v{c}inn\'e generov\'an\'i druh\'e harmonick\'e frekven- ce (SHG) pro pou\v{z}it\'i v optoelektronice. Konkr\'etn\v{e} jde o m\v{e}\v{r}en\'i prvn\'i hyperpo- larizibility. Vyu\v{z}\'ivat budeme nekoherentn\'iho jevu, hyper-Rayleighova rozptylu. Vzhledem k nekoherentnosti tohoto jevu je efekt velmi slab\'y. Je t\v{r}eba pou\v{z}\'it siln\'y zdroj sv\v{e}tla, pulzn\'i laser a citliv\'e detek\v{c}n\'i za\v{r}\'izen\'i, foton\'asobi\v{c}. Vzorky se p\v{r}ipravuj\'i ve spolupracuj\'ic\'ich chemick\'ych laborato\v{r}\'ich P\v{r}\'irodov\v{e}deck\'e fakul- ty Univerzity Karlovy v Praze. D\'ale n\'as bude zaj\'imat zastoupen\'i dvoufotonov\'e fluorescence ve v\'ysledn\'e intenzit\v{e}, kv\r{u}li zam\v{e}nitelnosti s SHG.},
  school = {Univerzita Karlova},
  annotation = {Accepted: 2017-05-07T18:20:24Z},
  file = {/data/references/storage/AXZJHMIZ/Brajer - 2012 - Studium nových materiálů pro generování druhé harm.pdf}
}

@phdthesis{butkovicovaStudiumSpinovePolarizace2011,
  type = {Diplomov\'a Pr\'ace},
  title = {Studium Spinov\'e Polarizace v Polovodi\v{c}\'ich Pomoc\'i Laserov\'e Spektroskopie},
  author = {Butkovi{\v c}ov{\'a}, Dagmar},
  year = {2011},
  month = sep,
  address = {{Praha}},
  abstract = {Tato pr\'ace se v\v{e}nuje studiu dynamiky spinov\'e polarizace ve feromagnetick\'em polovodi\v{c}i Ga1-xMnxAs s \v{s}irok\'ym intervalem nomin\'aln\'iho zastoupen\'i manganov\'ych iont\r{u} s vyu\v{z}it\'im metody ultrarychl\'e laserov\'e spektroskopie - \v{c}asov\v{e} rozli\v{s}en\'e Kerrovy rotace. Nejprve bylo pou\v{z}\'ivan\'e experiment\'aln\'i uspo\v{r}\'ad\'an\'i optimalizov\'ano, aby umo\v{z}\v{n}ovalo studium dynamiky spinov\v{e} polarizovan\'ych nosi\v{c}\r{u} n\'aboje fotogenerovan\'ych v polovodi\v{c}i kruhov\v{e} polarizovan\'ymi laserov\'ymi pulzy. Zjistili jsme, \v{z}e m\v{e}\v{r}en\'y sign\'al je vyvol\'an spinov\v{e}- polarizovan\'ymi elektrony. D\'iky mal\'e tlou\v{s}\v{t}ce studovan\'ych feromagnetick\'ych film\r{u} tento sign\'al ale pravd\v{e}podobn\v{e} poch\'az\'i od elektron\r{u} fotogenerovan\'ych v GaAs substr\'atu. Nam\v{e}\v{r}en\'a data nicm\'en\v{e} ukazuj\'i, \v{z}e dynamika spinu elektron\r{u} v tomto substr\'atu je zna\v{c}n\v{e} ovlivn\v{e}na bl\'izkost\'i feromagnetick\'e vrstvy na n\v{e}m nanesen\'e.},
  school = {Univerzita Karlova},
  annotation = {Accepted: 2017-05-08T13:58:03Z},
  file = {/data/references/storage/U5JZZM82/Butkovičová - 2011 - Studium spinové polarizace v polovodičích pomocí l.pdf}
}

@techreport{hovorakovaCharakterizaceInfracervenehoDetektoru,
  type = {Z\'av\v{e}re\v{c}n\'a Zpr\'ava Studentsk\'eho Projektu},
  title = {Charakterizace Infra\v{c}erven\'eho Detektoru pro Magneto-Optick\'a M\v{e}\v{r}en\'i},
  author = {Hovo{\v r}{\'a}kov{\'a}, Krist{\'y}na},
  pages = {17},
  address = {{Praha}},
  institution = {{Univerzita Karlova}},
  keywords = {mol},
  file = {/data/references/storage/U4KPCDNA/Hovořáková - Charakterizace infračerveného detektoru pro magnet.pdf}
}

@phdthesis{jandaDynamikaSpinovePolarizace2012,
  type = {Diplomov\'a Pr\'ace},
  title = {Dynamika Spinov\'e Polarizace v Polovodi\v{c}\'ich},
  author = {Janda, Tom{\'a}{\v s}},
  year = {2012},
  month = sep,
  address = {{Praha}},
  abstract = {V t\'eto pr\'aci se zab\'yv\'ame studiem ultrarychl\'e laserem indukovan\'e dyna- miky magnetizace ve vzorc\'ich feromagnetick\'eho polovodi\v{c}e Ga1-xMnxAs s nomin\'aln\'i koncentrac\'i Mn v rozsahu x = 0,015-0,14. K z\'isk\'an\'i informac\'i o pohybu magnetizace vyu\v{z}\'iv\'ame magnetooptick\'e jevy PKE a MLD v \v{c}asov\v{e} rozli\v{s}en\'em experimentu exci- tace a sondov\'an\'i. D\r{u}kladn\'a anal\'yza magnetooptick\'eho sign\'alu n\'am umo\v{z}\v{n}uje odd\v{e}lit p\v{r}\'isp\v{e}vky vlivem \'uhlov\'eho pohybu magnetizace od demagnetizace a zp\v{e}tn\v{e} tak re- konstruovat 3D pohyb vektoru magnetizace bez jak\'ehokoliv numerick\'eho modelov\'an\'i. Nejprve je vysv\v{e}tlen princip t\'eto experiment\'aln\'i metody a jej\'i pou\v{z}it\'i je ilustrov\'ano na m\v{e}\v{r}en\'em magnetooptick\'em sign\'alu. N\'asledn\v{e} je studov\'an \'uhlov\'y pohyb vektoru magnetizace a jeho z\'avislost na vn\v{e}j\v{s}\'im magnetick\'em poli, intenzit\v{e} excitace a kon- centraci Mn ve vzorku. Zvl\'a\v{s}t' je p\v{r}itom studov\'ana dynamika magnetizace z\'avisl\'a a nez\'avisl\'a na helicit\v{e} excita\v{c}n\'ich pulz\r{u}. V p\v{r}\'ipad\v{e} demagnetizace jsme d\'iky pou\v{z}it\'e experiment\'aln\'i metod\v{e} byli schopni studovat nejen intenzitn\'i z\'avislost a z\'avislost na koncentraci Mn, ale rovn\v{e}\v{z} z\'avislost na velikosti magnetick\'eho pole, kter\'a dosud nebyla v odborn\'e literatu\v{r}e publikov\'ana.},
  school = {Univerzita Karlova},
  keywords = {mag-anizotropie,mld},
  annotation = {Accepted: 2017-05-06T22:10:11Z},
  file = {/data/references/storage/TEGHU8WF/Janda - 2012 - Dynamika spinové polarizace v polovodičích.pdf}
}

@phdthesis{kimakCharakterizaciaDvojdimenzionalnehoElektromagnetu2017,
  type = {Bakal\'a\v{r}sk\'a Pr\'ace},
  title = {Charakteriz\'acia Dvojdimenzion\'alneho Elektromagnetu},
  author = {Kim{\'a}k, Jozef},
  year = {2017},
  month = jun,
  address = {{Praha}},
  abstract = {Abstrakt:V r\'amci tejto pr\'ace boli sk\'uman\'e ve\v{l}kos\v{t} a smer magnetick\'eho po\v{l}a generovan\'eho prototypom dvojdimenzion\'alneho elektromagnetu, ktor\'y bol ne- d\'avno skon\v{s}truovan\'y v Laborat\'oriu OptoSpintroniky. Tento elektromagnet je zlo\v{z}en\'y z dvoch p\'arov cievok s navz\'ajom kolm\'ymi p\'olov\'ymi nadstavcami. Pre- dov\v{s}etk\'ym sme zistili, \v{z}e spr\'avnym nastaven\'im pr\'udu prech\'adzaj\'uceho cievkami je mo\v{z}n\'e reprodukovate\v{l}ne rotova\v{t} smer po\v{l}a v rovine p\'olov\'ych nadstavcov s ve- \v{l}kos\v{t}ou po\v{l}a pribli\v{z}ne 200 mT. Us\'udili sme tie\v{z}, \v{z}e generovan\'e pole je pomerne homog\'enne v oblasti s polomerom pribli\v{z}ne 5 mm, \v{c}o odpoved\'a rozmerom typic- kej vzorky. Na druh\'u druh\'u stranu, funk\v{c}nos\v{t} elektromagnetu v oblasti ni\v{z}\v{s}\'ich pol\'i nemohla by\v{t} otestovan\'a jednozna\v{c}ne kv\^oli technick\'ym probl\'emom s nami vyrobenou Hallovskou mierkou. Tento probl\'em bude rie\v{s}en\'y v nasleduj\'ucej pr\'aci. 1},
  school = {Univerzita Karlova},
  keywords = {magnet,mol},
  annotation = {Accepted: 2021-03-25T18:51:45Z},
  file = {/data/references/storage/B9JER9QB/Kimák - 2017 - Charakterizácia dvojdimenzionálneho elektromagnetu.pdf;/data/references/storage/8X5F2A4Q/86374.html}
}

@phdthesis{kimakOptickaSpektroskopieAntiferomagnetu2019,
  type = {Diplomov\'a Pr\'ace},
  title = {Optick\'a Spektroskopie Antiferomagnet\r{u}},
  author = {Kim{\'a}k, Jozef},
  year = {2019},
  month = jun,
  address = {{Praha}},
  abstract = {Antiferomagnety, magneticky usporiadan\'e materi\'aly bez makroskopickej magnetiz\'acie, je pomerne \v{t}a\v{z}k\'e \v{s}tudova\v{t} be\v{z}n\'ymi n\'astrojmi magnetickej charakteriz\'acie. T\'ato diplomov\'a pr\'aca bola zameran\'a na ich optick\'y v\'yskum. Podrobne sme sk\'umali magnetooptick\'e efekty kvadratick\'e v magnetiz\'aci\'i, magnetick\'y line\'arny dichroizmus a Voigtov jav, ktor\'e s\'u pr\'itomn\'e aj v antiferomagnetoch. Presk\'umali sme magnetick\'y polovodi\v{c} (Ga,Mn)As, kde s\'u tieto efekty v\'yrazn\'e a vyu\v{z}it\'im dvojdimenzion\'alneho elektromagnetu sme dok\'azali, \v{z}e tieto javy mo\v{z}no vyu\v{z}i\v{t} na stanovenie jeho magnetickej a magnetooptickej anizotropie. Alternat\'ivny pr\'istup bol pou\v{z}it\'y v tenkom filme z nekoline\'arneho antiferomagnetu Mn3NiN, kde sme \v{s}tudovali zmeny optick\'ych a magnetooptick\'ych vlastnost\'i. Zistili sme, \v{z}e s\'u silne ovplyvnen\'e pnut\'im spojen\'ym s teplotne indukovan\'ym f\'azov\'ym prechodom v substr\'ate STO. To demon\v{s}truje, \v{z}e optick\'a spektroskopia m\^o\v{z}e by\v{t} pou\v{z}it\'a na v\'yskum antiferomagnetov pomerne efekt\'ivne.},
  school = {Univerzita Karlova},
  keywords = {magnet,mld,mol},
  annotation = {Accepted: 2019-07-10T14:53:50Z},
  file = {/data/references/storage/YCMA73Z3/Kimák - 2019 - Optická spektroskopie antiferomagnetů.pdf}
}

@phdthesis{kubascikMagnetooptickeStudiumAntiferomagnetickych2019,
  type = {Bakal\'a\v{r}sk\'a Pr\'ace},
  title = {Magneto-Optick\'e \v{S}t\'udium Antiferomagnetick\'ych Materi\'alov Pre Spintroniku},
  author = {Kuba{\v s}{\v c}{\'i}k, Peter},
  year = {2019},
  month = sep,
  address = {{Praha}},
  abstract = {The main goal of this thesis was to develop an experimental technique for investigation of ferromagnetic and antiferromagnetic materials using magneto-optical effects that are quadratic in magnetization. Using a prototype of 2-dimensional electromagnet, which enables to rotate magnetic field of constant magnitude in the sample plane, we were able to study spectral dependences and anisotropies of corresponding magneto-optical coefficients. In ferromagnetic semiconductor GaMnAs we revealed that the anisotropy of Voigt effect magneto-optical coefficient is strongly wavelength dependent - this coefficient can be both isotropic and anisotropic. Very strong anisotropy of this coefficient was observed for metallic FeRh in a ferromagnetic state. Finally, a new method that can be used to measure Voigt effect in antiferromagnetic state of FeRh was demonstrated.},
  school = {Univerzita Karlova},
  keywords = {ferh,mld,mol},
  annotation = {Accepted: 2019-10-18T08:14:32Z},
  file = {/data/references/storage/PWG2YGFL/Kubaščík - 2019 - Magneto-optické štúdium antiferomagnetických mater.pdf;/data/references/storage/LHYJ2EW8/109960.html}
}

@phdthesis{kubascikStudySpintronicPhenomena2021,
  type = {Diplomov\'a Pr\'ace},
  title = {Study of Spintronic Phenomena in Magnetically Ordered Stuctures Using Terahertz Spectroscopy},
  author = {Kuba{\v s}{\v c}{\'i}k, Peter},
  year = {2021},
  month = jun,
  address = {{Praha}},
  abstract = {Hlavn\'ym cie\v{l}om tejto pr\'ace bolo prinies\v{t} prv\'y experiment\'alny d\^okaz o existenci\'i spin-Hall magnetorezistencie (SMR) v Terahertzovej (THz) spektr\'alnej oblasti. Ako hlavn\'u met\'odu sme zvolili \v{c}asovo-rozl\'i\v{s}en\'u THz spektroskopiu (TDTS) a prezentovali sme experiment\'alne usporiadanie, ktor\'e umo\v{z}\v{n}uje pozorova\v{t} efekt\'ivne SMR alebo in\'e magnetorezist\'ivne javy s podobnou symetriou v \v{s}irokom rozsahu THz frekvenci\'i. V r\'amci tejto pr\'ace sme sa zamerali na \v{s}t\'udium dvojvrstiev ferimagnetick\'eho izol\'atoru a \v{t}a\v{z}k\'eho kovu (FI/HM) a kovov\'ych dvojvrstiev feromagnetu CoFeB a \v{t}a\v{z}k\'eho kovu Pt (FM/HM). Zatia\v{l} \v{c}o SMR v FI/HM \v{s}trukt\'ure vykazuje v\'yrazn\'y pokles u\v{z} v n\'izkych THz frekvenci\'ach ({$<$}1 THz), SMR v dvojvrstv\'ach FM/HM pretrv\'ava aj nad 30 THz. Tieto v\'ysledky s\'u nasledovne vysvetlen\'e rozdielnymi mechanizmami SMR. Druh\'a \v{c}as\v{t} tejto pr\'ace sa zaober\'a kon\v{s}trukciou nov\'eho TDTS experiment\'alneho usporiadania a jednoduch\'ym modelom THz experiment\'alneho usporiadania pomocou Gaussovsk\'ych zv\"azkov THz \v{z}iarenia. V\'ysledky simul\'aci\'i boli n\'asledne porovnan\'e s pr\'islu\v{s}n\'ymi experiment\'alnymi meraniami pomocou spintronick\'eho THz emitoru (STE). Posledn\'a \v{c}as\v{t} sa venuje popisu intenz\'ivnym laserov\'ych pulzov z plo\v{s}n\'ych STE.},
  school = {Univerzita Karlova},
  annotation = {Accepted: 2021-07-20T09:07:12Z},
  file = {/data/references/storage/WZ4DPUWB/Kubaščík - 2021 - Study of spintronic phenomena in magnetically orde.pdf}
}

@phdthesis{kucharikStudiumSpinovePolarizace2015,
  type = {Diplomov\'a Pr\'ace},
  title = {Studium Spinov\'e Polarizace Pomoc\'i Laserov\'e Spektroskopie},
  author = {Kucha{\v r}{\'i}k, Ji{\v r}{\'i}},
  year = {2015},
  month = jun,
  address = {{Praha}},
  abstract = {Spintronika je perspektivn\'i odv\v{e}tv\'i elektroniky, kter\'e k p\v{r}enosu a zpracov\'an\'i informace vyu\v{z}\'iv\'a krom\v{e} n\'aboje elektronu tak\'e jeho spin. Pro re\'aln\'e aplikace je v\v{s}ak nutn\'e pochopit, jak se magnetick\'y stav l\'atky m\v{e}n\'i nejen v \v{c}ase, ale i v prostoru. V t\'eto diplomov\'e pr\'aci se tedy v\v{e}nujeme zobrazov\'an\'i magnetick\'ych dom\'en ve feromagnetick\'ych polovodi\v{c}\'ich \v{c}ist\v{e} optick\'ymi metodami, kter\'e jsou zalo\v{z}eny na vyu\v{z}it\'i magnetooptick\'ych jev\r{u}. Konkr\'etn\v{e} se nejprve zab\'yv\'ame opti- malizac\'i existuj\'ic\'iho polariza\v{c}n\'iho mikroskopu, jeho\v{z} funkce je zalo\v{z}ena v\'yhradn\v{e} na pol\'arn\'im Kerrov\v{e} jevu. N\'asledn\v{e} se v ji\v{z} optimalizovan\'em uspo\v{r}\'ad\'an\'i po- kou\v{s}\'ime pozorovat magnetick\'e dom\'eny ve feromagnetick\'em polovodi\v{c}i GaMnAs pomoc\'i magnetick\'eho line\'arn\'iho dichroismu. 1},
  school = {Univerzita Karlova},
  keywords = {mag-anizotropie,mld},
  annotation = {Accepted: 2017-05-26T11:45:15Z},
  file = {/data/references/storage/45QVJ7FL/Kuchařík - 2015 - Studium spinové polarizace pomocí laserové spektro.pdf}
}

@techreport{minarModulacePolarizaceSvetelne2004,
  type = {Z\'av\v{e}re\v{c}n\'a Zpr\'ava Studentsk\'eho Projektu},
  title = {Modulace Polarizace Sv\v{e}teln\'e Vlny Pomoc\'i Fotoelastick\'eho Modul\'atoru},
  author = {Min{\'a}{\v r}, Ji{\v r}{\'i}},
  year = {2004},
  address = {{Praha}},
  institution = {{Univerzita Karlova}},
  keywords = {mol,pem},
  file = {/data/references/storage/3BYSXQN5/SP_2004-Minář.doc}
}

@phdthesis{reichlovaPouzitiNelinearniOptiky2008,
  type = {Bakal\'a\v{r}sk\'a Pr\'ace},
  title = {Pou\v{z}it\'i Neline\'arn\'i Optiky pro Zm\v{e}nu Vlnov\'e D\'elky Laserov\'ych Puls\r{u}},
  author = {Reichlov{\'a}, Helena},
  year = {2008},
  month = jun,
  address = {{Praha}},
  abstract = {Nazcv prace; Pouzili nelinearni optiky pro /menu vlnove delky laserovych pulsu Autor: Helena Reichlova Katedra: Katedra chemicke opliky a fyxiky Vedouei bakalafske prace: RNDr. Petr Nemec, Ph.D. e-mail vedouciho: nemeefolkarlov.mff.cuni.cz Abstrakt: Vzajemna interakce mezi svetlem a pcvnou latkou silne zavisi na vykonu pfenasenem svetlem. Jc-li tcnto vykon maly, meni pevna latka u prochazejiciho svetla pouze jeho intenzitu nebo polarizacni stav. V/roste-li vsak tento vykon nad urcitou mez, zaetnaji platit /akony nelinearni optiky. Jednim z aplikticne vclicc zajimavych jcvu, ktcre se zacnou projevovat pfi vysokych svetclnych vykonech, je zmena vlnove delky proehazejiciho svetla. V ramci teto bakalafske prace je studovana mo/nost menit vlnovou delku silnych laserovych pulsu generaci fcmtosekundoveho kontinua s cilem dosahnout laditelnosti svetla v co nejsirsim spektralnim oboru. Klicova slova: nelinearni optika, ultrakratkc laserove pulsy, generace iemtosekundoveho kontinua Title: Laser pulse wavelength conversion by nonlinear optics Author: Helena Reichlova Department: Department of Chemical Physics and Optics Supervisor: RNDr. Petr NC'inec, Ph.D. Supervisor's e-mail address: nemec(Wkarlov.inff.cuni.cz Abstract: An interaction between light and a solid strongly depends on the power, which is carried by the...},
  school = {Univerzita Karlova},
  annotation = {Accepted: 2017-04-11T13:01:12Z},
  file = {/data/references/storage/G3FQY6TK/Reichlová - 2008 - Použití nelineární optiky pro změnu vlnové délky l.pdf;/data/references/storage/4HAGL22E/16444.html}
}

@phdthesis{reichlovaUltrarychlaLaserovaSpektroskopie2010,
  type = {Diplomov\'a Pr\'ace},
  title = {Ultrarychl\'a Laserov\'a Spektroskopie Polovodi\v{c}\r{u}},
  author = {Reichlov{\'a}, Helena},
  year = {2010},
  month = sep,
  address = {{Praha}},
  abstract = {Tato pr\'ace je v\v{e}nov\'ana studiu feromagnetick\'eho polovodi\v{c}e GaMnAs pomoc\'i magnetooptick\'ych metod, a to zejm\'ena metody magnetick\'eho line\'arn\'iho dichroismu (MLD). Nejprve byla nalezena vhodn\'a metoda m\v{e}\v{r}en\'i magnetooptick\'eho koeficientu, kter\'y popisuje MLD. D\'ale jsme pomoc\'i metody MLD studovali hysterezn\'i smy\v{c}ky ve vzorku s t\'em\v{e}\v{r} kubickou magnetickou anizotropi\'i a ve vzorku s vlivem kubick\'e i uniaxi\'aln\'i anizotropie - zm\v{e}\v{r}ili jsme polariza\v{c}n\'i, teplotn\'i a intenzitn\'i z\'avislost hysterezn\'ich smy\v{c}ek a odvodili jsme vztah pro polariza\v{c}n\'i z\'avislost amplitudy hysterezn\'ich smy\v{c}ek. Pomoc\'i \v{c}asov\v{e} rozli\v{s}en\'e metody MLD jsme studovali ultrarychlou demagnetizaci ve vzorku na r\r{u}zn\'ych \v{c}asov\'ych \v{s}k\'al\'ach po excitaci laserov\'ym pulzem. Pozorovali jsme z\'avislost dynamiky demagnetizace na intenzit\v{e} excita\v{c}n\'iho svazku a teplot\v{e} vzorku.},
  school = {Univerzita Karlova},
  keywords = {mag-anizotropie,mld},
  annotation = {Accepted: 2017-04-27T00:07:05Z},
  file = {/data/references/storage/7WJESPDS/Reichlová - 2010 - Ultrarychlá laserová spektroskopie polovodičů.pdf}
}

@phdthesis{rozkotovaDynamikaSpinovePolarizovanych2007,
  type = {Diplomov\'a Pr\'ace},
  title = {Dynamika Spinov\v{e} Polarizovan\'ych Nosi\v{c}\r{u} N\'aboje v Polovodi\v{c}\'ich},
  author = {Rozkotov{\'a}, Eva},
  year = {2007},
  month = may,
  address = {{Praha}},
  abstract = {Pr\'ace se zab\'yv\'a dynamikou spinov\v{e} polarizovan\'ych nosi\v{c}\r{u} n\'aboje a jejich vlivem na magnetizaci ve feromagnetick\'em polovodi\v{c}i (Ga,Mn)As. Pro m\v{e}\v{r}en\'i byly pou\v{z}ity dv\v{e} metody ultrarychl\'e laserov\'e spektroskopie \v{c}asov\v{e} rozli\v{s}en\'a diferenci\'aln\'i re ektivita a \v{c}asov\v{e} rozli\v{s}en\'a Kerrova rotace. Pomoc\'i diferenci\'aln\'i re ektivity byl zji\v{s}t\v{e}n vliv p\v{r}\'im\v{e}s\'i na dynamiku nosi\v{c}\r{u} a d\'ale byl pozorov\'an vliv p\v{r}\'itomnosti magnetick\'ych iont\r{u} na relaxaci spinov\'e polarizace fotoexcitovan\'ych elektron\r{u} v (Ga,Mn)As. V sign\'alu Kerrovy rotace byla identi kov\'ana slo\v{z}ka, kter\'a nesouvis\'i se spinovou polarizac\'i fotoexcitovan\'ych nosi\v{c}\r{u}, pouze s jejich koncentrac\'i a je p\v{r}\'itomna jen ve feromagnetick\'em stavu (T \&lt; TC ). Tato slo\v{z}ka vykazuje osciluj\'ic\'i charakter, kter\'y byl p\v{r}isouzen precesn\'imu pohybu magnetizace vlivem zm\v{e}ny magnetick\'e anizotropie v materi\'alu. Podrobn\'ym m\v{e}\v{r}en\'im za r\r{u}zn\'ych podm\'inek byl d\'ale zji\v{s}t\v{e}n vliv parametr\r{u} experimentu (vlnov\'a d\'elka, intenzita atd.) na tuto slo\v{z}ku sign\'alu.},
  school = {Univerzita Karlova},
  annotation = {Accepted: 2017-04-03T10:07:02Z},
  file = {/data/references/storage/VB587CBX/Rozkotová - 2007 - Dynamika spinově polarizovaných nosičů náboje v po.pdf}
}

@phdthesis{saidlOptickaSpektroskopieMagnetickych2011,
  type = {Bakal\'a\v{r}sk\'a Pr\'ace},
  title = {Optick\'a Spektroskopie Magnetick\'ych Polovodi\v{c}\r{u} Vyu\v{z}iteln\'ych pro Spintronick\'e Aplikace},
  author = {Saidl, V{\'i}t},
  year = {2011},
  month = jun,
  address = {{Praha}},
  abstract = {V t\'eto pr\'aci se zab\'yv\'ame optick\'ymi vlastnostmi nov\'eho antiferomagnetick\'eho polovodi\v{c}e - LiMnAs. Tento polovodi\v{c} na vzduchu velice snadno oxiduje, co\v{z} v\'yznamn\'ym zp\r{u}sobem komplikuje studium jeho vlastnost\'i pomoc\'i optick\'e spektroskopie. Pro odstran\v{e}n\'i tohoto probl\'emu jsme zkonstruovali optickou aparaturu, kter\'a n\'am umo\v{z}\v{n}uje zm\v{e}\v{r}it spektra odrazivosti p\v{r}\'imo v r\r{u}stov\'e komo\v{r}e, kde je tento polovodi\v{c} pomoc\'i epitaxe z molekul\'arn\'ich svazk\r{u} (MBE) p\v{r}ipravov\'an. V\v{e}rohodnost m\v{e}\v{r}en\'i pomoc\'i t\'eto aparatury byla ov\v{e}\v{r}ena m\v{e}\v{r}en\'im spekter odrazivosti zn\'am\'ych polovodi\v{c}\r{u} (GaAs a InAs). V z\'av\v{e}re\v{c}n\'e \v{c}\'asti t\'eto pr\'ace jsme provedli prvn\'i m\v{e}\v{r}en\'i odrazivosti LiMnAs p\v{r}\'imo v r\r{u}stov\'e komo\v{r}e MBE.},
  school = {Univerzita Karlova},
  annotation = {Accepted: 2017-04-27T22:00:35Z},
  file = {/data/references/storage/ZNCI5U4C/Saidl - 2011 - Optická spektroskopie magnetických polovodičů využ.pdf}
}

@phdthesis{saidlUltrarychlaLaserovaSpektroskopie2018,
  type = {Diserta\v{c}n\'i Pr\'ace},
  title = {Ultrarychl\'a Laserov\'a Spektroskopie Antiferomagnet\r{u}},
  author = {Saidl, V{\'i}t},
  year = {2018},
  month = jun,
  address = {{Praha}},
  abstract = {Tato pr\'ace se zab\'yv\'a studiem dvou antiferomagnetick\'ych materi\'al\r{u}, kter\'e jsou principieln\v{e} pou\v{z}iteln\'e pro spintronick\'e aplikace. V s\'erii vzork\r{u} FeRh jsme studovali teplotu p\v{r}echodu mezi antiferomagnetickou a feromagnetickou f\'az\'i. Vyvinuli jsme na optick\'e odezv\v{e} zalo\v{z}enou metodu na rychl\'e ur\v{c}en\'i t\'eto teploty, kter\'a n\'am n\'asledn\v{e} umo\v{z}nila studovat s prostorov\'ym rozli\v{s}en\'im 1 {$\mu$}m magnetickou nehomogenity p\v{r}ipraven\'ych vzork\r{u}. D\'ale jsme vyvinuli metodu pro nalezen\'i N\'eelovy teploty a snadn\'e osy magnetizace v tenk\'ych filmech p\v{r}ipraven\'ych z kovov\'eho kompenzovan\'eho antiferomagnetu. Tuto metodu jsme \'usp\v{e}\v{s}n\v{e} aplikovali na uniaxi\'aln\'i vzorek CuMnAs a diskutovali jsme jej\'i pou\v{z}itelnost i pro vzorky s biaxi\'aln\'i magnetickou anizotropi\'i.},
  school = {Univerzita Karlova},
  keywords = {ferh,mld},
  annotation = {Accepted: 2021-03-26T12:39:07Z},
  file = {/data/references/storage/EZZHNIMD/Saidl - 2018 - Ultrarychlá laserová spektroskopie antiferomagnetů.pdf;/data/references/storage/3YBKUICG/102074.html}
}

@phdthesis{salavaOptickeVlastnostiKremikovych2013,
  type = {Diplomov\'a Pr\'ace},
  title = {Optick\'e Vlastnosti K\v{r}em\'ikov\'ych Nanostruktur pro Fotovoltaiku},
  author = {Salava, Jan},
  year = {2013},
  month = may,
  address = {{Praha}},
  abstract = {N\'azev pr\'ace: Optick\'e vlastnosti k\v{r}em\'ikov\'ych nanostruktur pro fotovoltaiku Autor: Bc. Jan Salava Katedra: Katedra chemick\'e fyziky a optiky Vedouc\'i diplomov\'e pr\'ace: doc. RNDr. Franti\v{s}ek Troj\'anek, Ph.D., katedra chemick\'e fyziky a optiky Abstrakt: V p\v{r}edlo\v{z}en\'e pr\'aci jsou studov\'any k\v{r}em\'ikov\'e nanokrystaly um\'ist\v{e}n\'e v SiC matrici - jednotliv\'e vzorky se odli\v{s}uj\'i p\v{r}id\'an\'im dopantu (boru) do p\v{r}\'islu\v{s}n\'e vrstvy struktury b\v{e}hem depozice metodou PECVD a pasivac\'i vod\'ikem. K\v{r}em\'ikov\'e nanokrystaly jsou v\'yznamn\'e zejm\'ena t\'im, \v{z}e oproti sv\'e objemov\'e verzi vykazuj\'i \'u\v{c}innou fotoluminiscenci a absorpci ve viditeln\'e oblasti spektra. Zm\v{e}nami parametr{$\cdot$} p\v{r}i p\v{r}\'iprav\v{e} lze ladit jejich vlastnosti s ohledem na konkr\'etn\'i aplikaci. Z\'akladn\'i my\v{s}lenka integrace k\v{r}em\'ikov\'ych nanostruktur do sol\'arn\'ich \v{c}l\'ank{$\cdot$} spo\v{c}\'iv\'a ve zv\'y\v{s}en\'i \'u\v{c}innosti konverze slune\v{c}n\'iho spektra kombinac\'i n\v{e}kolika tenk\'ych vrstev s nanokrystaly a objemov\'eho Si \v{c}l\'anku tak, aby ka\v{z}d\'a vrstva slune\v{c}n\'i cely absorbo- vala ur\v{c}itou \v{c}\'ast spektra. Procesy, kter\'e se v t\v{e}chto struktur\'ach d\v{e}j\'i kr\'atce po excitaci nosi\v{c}{$\cdot$} n\'aboje, v\v{s}ak st\'ale nejsou zcela pops\'any. C\'ilem pr\'ace je charakterizace t\v{e}chto jev{$\cdot$} metodami \v{c}a- sov\v{e} rozli\v{s}en\'e spektroskopie. Dal\v{s}\'im \'ukolem je popsat vliv dopov\'an\'i jednotliv\'ych \v{c}\'ast\'i materi\'alu a jeho pasivace ve vod\'ikov\'e atmosf\'e\v{r}e na chov\'an\'i fotoexcitovan\'ych nosi\v{c}{$\cdot$} a intenzitu...},
  school = {Univerzita Karlova},
  annotation = {Accepted: 2021-03-26T07:35:40Z},
  file = {/data/references/storage/LTZBYAVQ/Salava - 2013 - Optické vlastnosti křemíkových nanostruktur pro fo.pdf}
}

@techreport{schusserSkryteKouzloPolarizace2014,
  type = {Z\'av\v{e}re\v{c}n\'a Zpr\'ava Studentsk\'eho Projektu},
  title = {Skryt\'e Kouzlo Polarizace},
  author = {Schusser, Jakub},
  year = {2014},
  pages = {28},
  address = {{Praha}},
  institution = {{Univerzita Karlova}},
  keywords = {berek,mol},
  file = {/data/references/storage/7JCWXK8T/Schusser - Univerzita Karlova v Praze Matematicko- fyzikální .pdf}
}

@phdthesis{subrtDynamikaSpinovePolarizace2009,
  type = {Diplomov\'a Pr\'ace},
  title = {Dynamika Spinov\'e Polarizace ve Ferromagnetick\'ych Polovodi\v{c}\'ich},
  author = {{\v S}ubrt, Ji{\v r}{\'i}},
  year = {2009},
  month = sep,
  address = {{Praha}},
  abstract = {V t\'eto pr\'aci jsme se v\v{e}novali problematice m\v{e}\v{r}en\'i magnetooptick\'ych jev\r{u} ve feromagnetick\'ych polovodi\v{c}\'ich. Podrobn\v{e} jsme analyzovali zp\r{u}sob jejich m\v{e}\v{r}en\'i pomoc\'i fotoelastick\'eho modul\'atoru a postavili jsme experiment\'aln\'i uspo\v{r}\'ad\'an\'i, kter\'e umo\v{z}\v{n}uje m\v{e}\v{r}it spektra magnetick\'eho kruhov\'eho dichroismu (MCD), magnetick\'eho kruhov\'eho dvojlomu (MCB), magnetick\'eho line\'arn\'iho dichroismu (MLD) a magnetick\'eho line\'arn\'iho dvojlomu (MLB). Tuto aparaturu jsme pak pou\v{z}ili pro m\v{e}\v{r}en\'i magnetooptick\'ych spekter n\v{e}kolika vzork\r{u} feromagnetick\'ych polovodi\v{c}\r{u} (Ga,Mn)As a (Ga,Mn)(As,P).},
  school = {Univerzita Karlova},
  keywords = {mld,pem},
  annotation = {Accepted: 2017-04-19T19:30:15Z},
  file = {/data/references/storage/LW2F6EGN/Šubrt - 2009 - Dynamika spinové polarizace ve ferromagnetických p.pdf}
}

@phdthesis{subrtPouzitiMagnetickychPolovodicu2007,
  type = {Bakal\'a\v{r}sk\'a Pr\'ace},
  title = {Pou\v{z}it\'i Magnetick\'ych Polovodi\v{c}\r{u} ve Spintronice},
  author = {{\v S}ubrt, Ji{\v r}{\'i}},
  year = {2007},
  month = jun,
  address = {{Praha}},
  abstract = {Katedra chemick\'e fyziky a optiky},
  school = {Univerzita Karlova},
  annotation = {Accepted: 2017-04-04T12:01:42Z},
  file = {/data/references/storage/FKN7TKD3/Šubrt - 2007 - Použití magnetických polovodičů ve spintronice.pdf}
}

@phdthesis{surynekLaserovaSpektroskopieVysokym2014,
  type = {Bakal\'a\v{r}sk\'a Pr\'ace},
  title = {Laserov\'a Spektroskopie s Vysok\'ym Prostorov\'ym Rozli\v{s}en\'im},
  author = {Sur{\'y}nek, Miloslav},
  year = {2014},
  month = jun,
  address = {{Praha}},
  abstract = {Spintronika je rychle se rozv\'ijej\'ic\'i obor elektroniky, kde se ke zpracov\'an\'i a uchov\'an\'i dat vyu\v{z}\'iv\'a nejen n\'aboj elektron\r{u}, ale tak\'e jejich spin. Pro studium materi\'al\r{u} vhodn\'ych ke konstrukci spintronick\'ych sou\v{c}\'astek je v\v{s}ak nezbytn\'e vyu\v{z}\'it experiment\'aln\'ich metod, kter\'e jsou schopny dos\'ahnout vysok\'eho \v{c}asov\'eho i prostorov\'eho rozli\v{s}en\'i. Za t\'imto \'u\v{c}elem je v Laborato\v{r}i optospintroniky na Kated\v{r}e chemick\'e fyziky a optiky MFF UK v sou\v{c}asn\'e dob\v{e} vyv\'ijena metoda zalo\v{z}en\'a na b\'azi Kerrovsk\'eho mikroskopu, kter\'a by m\v{e}la dosahovat vysok\'eho prostorov\'eho a v budoucnu i \v{c}asov\'eho rozli\v{s}en\'i. N\'apln\'i t\'eto bakal\'a\v{r}sk\'e pr\'ace je charakterizovat n\v{e}kter\'e sou\v{c}\'asti tohoto experiment\'aln\'iho uspo\v{r}\'ad\'an\'i. Konkr\'etn\v{e} se jedn\'a charakterizaci za\v{r}\'izen\'i LSR-3005-24D od firmy Optotune, kter\'e slou\v{z}\'i k redukci laserov\'ych spekl\r{u} a charakterizaci dr\v{z}\'aku zrc\'atka s piezoelektrick\'ym posuvem CONEX-AG-M100D od firmy Newport. Powered by TCPDF (www.tcpdf.org)},
  school = {Univerzita Karlova},
  annotation = {Accepted: 2017-05-27T21:09:47Z},
  file = {/data/references/storage/VQ472L94/Surýnek - 2014 - Laserová spektroskopie s vysokým prostorovým rozli.pdf}
}

@phdthesis{surynekOptickaSpektroskopieMagneticky2016,
  type = {Diplomov\'a Pr\'ace},
  title = {Optick\'a Spektroskopie Magneticky Uspo\v{r}\'adan\'ych Materi\'al\r{u}},
  author = {Sur{\'y}nek, Miloslav},
  year = {2016},
  month = sep,
  address = {{Praha}},
  abstract = {Spintronika je dynamicky rozv\'ijej\'ic\'i se obor elektroniky, jen\v{z} pro p\v{r}enos, zpracov\'an\'i a uchov\'av\'an\'i informace nepou\v{z}\'iv\'a pouze n\'aboje elektronu, ale tak\'e jeho spin. Materi\'aly vhodn\'e ke konstrukci spintronick\'ych sou\v{c}\'astek mus\'i b\'yt schopny uchov\'avat spinov\'e uspo\v{r}\'ad\'an\'i dostate\v{c}n\v{e} dlouhou dobu, tyto materi\'aly mus\'i b\'yt sou\v{c}asn\v{e} schopny nap\v{r}\'i\v{c} sou\v{c}\'astkou rychle a daleko p\v{r}en\'a\v{s}et spin elektronu. V t\'eto pr\'aci je studov\'ana heterostruktura GaAs/AlGaAs pomoc\'i metody excitace a sondov\'an\'i. P\v{r}edev\v{s}\'im jsou zkoum\'any dlouh\'e doby rozf\'azov\'an\'i spinu s vyu\v{z}it\'im metody rezonantn\'iho spinov\'eho zes\'ilen\'i a s pomoc\'i vyd\v{e}lova\v{c}e pulz\r{u}. D\'ale je zkoum\'ana polarizace jadern\'eho spinu a tak\'e vliv p\v{r}ikl\'adan\'eho proudu na heterostrukturu. Spektr\'aln\'i filtry jsou vyu\v{z}ity ke zlep\v{s}en\'i existuj\'ic\'iho uspo\v{r}\'ad\'an\'i metody excitace a sondov\'an\'i a tak\'e ke zm\v{e}\v{r}en\'i magnetooptick\'eho spektra.},
  school = {Univerzita Karlova},
  annotation = {Accepted: 2017-06-02T07:21:56Z},
  file = {/data/references/storage/XA7UG6IG/Surýnek - 2016 - Optická spektroskopie magneticky uspořádaných mate.pdf}
}

@phdthesis{wohlrathMagnetooptickaCharakterizaceSpintronickych2018,
  type = {Bakal\'a\v{r}sk\'a Pr\'ace},
  title = {Magneto-Optick\'a Charakterizace Spintronick\'ych Materi\'al\r{u}},
  author = {Wohlrath, Vladislav},
  year = {2018},
  month = jun,
  address = {{Praha}},
  school = {Univerzita Karlova},
  keywords = {mld,mol},
  annotation = {Accepted: 2018-11-30T13:51:25Z},
  file = {/data/references/storage/VQAZD3IU/Wohlrath - 2018 - Magneto-optická charakterizace spintronických mate.pdf}
}


