
@article{akbarLowTemperatureVoigt2017,
  title = {Low Temperature {{Voigt}} Effect in the Terbium Gallium Garnet Crystal},
  author = {Akbar, Ali and Khalid, Muhammad Waleed and Anwar, Muhammad Sabieh},
  year = {2017},
  month = nov,
  journal = {Optics Express},
  volume = {25},
  number = {24},
  pages = {30550},
  issn = {1094-4087},
  doi = {10.1364/OE.25.030550},
  abstract = {Magnetic linear birefringence and dichroism are investigated for the paramagnetic terbium gallium garnet (TGG) single crystal in the temperature range 8-100 K. The reciprocal nature is confirmed for the linear birefringence. Furthermore a theoretical model is validated that describes the intermixing of linear and circular birefringence. The ellipticity and rotation of the polarization ellipse are investigated in the light of these measurements. These otherwise minuscule magnetically induced effects are amplified at cryogenic temperatures and are determined by a phase-sensitive technique based on the Fourier decomposition of detected signal intensities. The correspondent measurements also allow us to determine the Curie-Weiss constant corroborating the presence of a magnetically frustrated spin system. Additionally we show how the Voigt geometry enables determining the direction of a magnetic field.},
  langid = {english},
  file = {/data/references/storage/BI2SJIR8/Akbar et al. - 2017 - Low temperature Voigt effect in the terbium galliu.pdf}
}

@article{hamrlovaQuadraticinmagnetizationPermittivityConductivity2013,
  title = {Quadratic-in-Magnetization Permittivity and Conductivity Tensor in Cubic Crystals: {{Quadratic-in-magnetization}} Permittivity and Conductivity Tensor},
  shorttitle = {Quadratic-in-Magnetization Permittivity and Conductivity Tensor in Cubic Crystals},
  author = {Hamrlov{\'a}, Jana and Hamrle, Jaroslav and Postava, Kamil and Pi{\v s}tora, Jarom{\'i}r},
  year = {2013},
  month = oct,
  journal = {physica status solidi (b)},
  volume = {250},
  number = {10},
  pages = {2194--2205},
  issn = {03701972},
  doi = {10.1002/pssb.201349031},
  langid = {english},
  file = {/data/references/storage/KT6HAECP/Hamrlová et al. - 2013 - Quadratic-in-magnetization permittivity and conduc.pdf}
}

@article{jandaVoigtEffectbasedWidefield2018,
  title = {Voigt Effect-Based Wide-Field Magneto-Optical Microscope Integrated in a Pump-Probe Experimental Setup},
  author = {Janda, T. and N{\'a}dvorn{\'i}k, L. and Kucha{\v r}{\'i}k, J. and Butkovi{\v c}ov{\'a}, D. and Schmoranzerov{\'a}, E. and Troj{\'a}nek, F. and N{\v e}mec, P.},
  year = {2018},
  month = jul,
  journal = {Review of Scientific Instruments},
  volume = {89},
  number = {7},
  pages = {073703},
  issn = {0034-6748, 1089-7623},
  doi = {10.1063/1.5023183},
  langid = {english},
  file = {/data/references/storage/D6TTJTMQ/Voigt effect based microscope.pdf;/data/references/storage/HF22JSD7/Janda et al. - 2018 - Voigt effect-based wide-field magneto-optical micr.pdf}
}

@article{katsGiantQuadraticMagnetooptical2020,
  title = {Giant Quadratic Magneto-Optical {{Kerr}} Effect in ({{Eu}},{{Gd}}){{O}} Films for Magnetic Field Sensing},
  author = {Kats, Vladimir N. and Nefedov, Sergey G. and Shelukhin, Leonid A. and Usachev, Pavel A. and Averyanov, Dmitry V. and Karateev, Igor A. and Parfenov, Oleg E. and Taldenkov, Alexander N. and Tokmachev, Andrey M. and Storchak, Vyacheslav G. and Pavlov, Victor V.},
  year = {2020},
  month = jun,
  journal = {Applied Materials Today},
  volume = {19},
  pages = {100640},
  issn = {23529407},
  doi = {10.1016/j.apmt.2020.100640},
  langid = {english},
  file = {/data/references/storage/YED49J33/Kats et al. - 2020 - Giant quadratic magneto-optical Kerr effect in (Eu.pdf}
}

@article{kimelObservationGiantMagnetic2005,
  title = {Observation of {{Giant Magnetic Linear Dichroism}} in ( {{Ga}} , {{Mn}} ) {{As}}},
  author = {Kimel, A. V. and Astakhov, G. V. and Kirilyuk, A. and Schott, G. M. and Karczewski, G. and Ossau, W. and Schmidt, G. and Molenkamp, L. W. and Rasing, Th.},
  year = {2005},
  month = jun,
  journal = {Physical Review Letters},
  volume = {94},
  number = {22},
  pages = {227203},
  issn = {0031-9007, 1079-7114},
  doi = {10.1103/PhysRevLett.94.227203},
  langid = {english},
  file = {/data/references/storage/CGLCC978/Kimel et al. - 2005 - Observation of Giant Magnetic Linear Dichroism in .pdf}
}

@article{liangQuantitativeStudyQuadratic2015,
  title = {Quantitative Study of the Quadratic Magneto-Optical {{Kerr}} Effects in {{Fe}} Films},
  author = {Liang, J. H. and Xiao, X. and Li, J. X. and Zhu, B. C. and Zhu, J. and Bao, H. and Zhou, L. and Wu, Y. Z.},
  year = {2015},
  month = may,
  journal = {Optics Express},
  volume = {23},
  number = {9},
  pages = {11357},
  issn = {1094-4087},
  doi = {10.1364/OE.23.011357},
  abstract = {We present a rotating field method to separate the linear and quadratic magneto-optical Kerr effects (LMOKE and QMOKE) in Fe/GaAs(001) films. The LMOKE is isotropic in crystal orientation, while the QMOKE has both isotropic and anisotropic contributions. The experimental observation is well explained by Yeh's 4 \texttimes{} 4 matrix formalism. We also report the incident angle and the thickness dependences of the LMOKE and QMOKE, and extract the material's index of refraction n and the magneto-optical coupling constant K and G . The study gives a full description of the Kerr effect in Fe films, and the proposed method can be applied to other magneto-optical coupling systems.},
  langid = {english},
  file = {/data/references/storage/IVVXSB7S/Liang et al. - 2015 - Quantitative study of the quadratic magneto-optica.pdf}
}

@article{liangSeparationLinearQuadratic2015,
  title = {Separation of Linear and Quadratic Magneto-Optic {{Kerr}} Effects in Ultra-Thin {{Fe}} Films Using a Rotating Field Method},
  author = {Liang, J. H. and Cao, J. Z. and Li, J. X. and Wu, Y. Z.},
  year = {2015},
  month = may,
  journal = {Journal of Applied Physics},
  volume = {117},
  number = {17},
  pages = {17E129},
  issn = {0021-8979, 1089-7550},
  doi = {10.1063/1.4918776},
  langid = {english},
  file = {/data/references/storage/WASN8SFU/Liang et al. - 2015 - Separation of linear and quadratic magneto-optic K.pdf}
}

@article{mattheisDeterminationAnisotropyEld1999,
  title = {Determination of the Anisotropy "eld Strength in Ultra-Thin Magnetic "Lms Using Longitudinal {{MOKE}} and a Rotating "Eld: The {{ROTMOKE}} Method},
  author = {Mattheis, R and Quednau, G},
  year = {1999},
  journal = {Journal of Magnetism and Magnetic Materials},
  pages = {8},
  langid = {english},
  file = {/data/references/storage/DMABAH8T/Mattheis and Quednau - 1999 - Determination of the anisotropy eld strength in u.pdf}
}

@article{postavaAnisotropyQuadraticMagnetooptic2002,
  title = {Anisotropy of Quadratic Magneto-Optic Effects in Reflection},
  author = {Postava, K. and Hrabovsk{\'y}, D. and Pi{\v s}tora, J. and Fert, A. R. and Vi{\v s}{\v n}ovsk{\'y}, {\v S}. and Yamaguchi, T.},
  year = {2002},
  journal = {Journal of Applied Physics},
  volume = {91},
  number = {10},
  pages = {7293},
  issn = {00218979},
  doi = {10.1063/1.1449436},
  langid = {english},
  file = {/data/references/storage/DMD6LE6Z/Postava et al. - 2002 - Anisotropy of quadratic magneto-optic effects in r.pdf}
}

@article{saidlOpticalDeterminationNeel2017,
  title = {Optical Determination of the {{N\'eel}} Vector in a {{CuMnAs}} Thin-Film Antiferromagnet},
  author = {Saidl, V. and N{\v e}mec, P. and Wadley, P. and Hills, V. and Campion, R. P. and Nov{\'a}k, V. and Edmonds, K. W. and Maccherozzi, F. and Dhesi, S. S. and Gallagher, B. L. and Troj{\'a}nek, F. and Kune{\v s}, J. and {\v Z}elezn{\'y}, J. and Mal{\'y}, P. and Jungwirth, T.},
  year = {2017},
  month = feb,
  journal = {Nature Photonics},
  volume = {11},
  number = {2},
  pages = {91--96},
  issn = {1749-4885, 1749-4893},
  doi = {10.1038/nphoton.2016.255},
  langid = {english},
  file = {/data/references/storage/HE4GYBA6/Saidl et al. - 2017 - Optical determination of the Néel vector in a CuMn.pdf}
}

@article{silberQuadraticMagnetoopticKerr,
  title = {Quadratic Magnetooptic {{Kerr}} Effect Spectroscopy of Magnetic Thin Films with Cubic Crystal Structure},
  author = {Silber, Ing Robin},
  pages = {181},
  langid = {english},
  file = {/data/references/storage/ZNDNJFBX/Silber - Quadratic magnetooptic Kerr effect spectroscopy of.pdf}
}

@article{silberQuadraticMagnetoopticKerr2019,
  title = {Quadratic Magneto-Optic {{Kerr}} Effect Spectroscopy of {{Fe}} Epitaxial Films on {{MgO}}(001) Substrates},
  author = {Silber, Robin and Stejskal, Ond{\v r}ej and Beran, Luk{\'a}{\v s} and Cejpek, Petr and Anto{\v s}, Roman and {Matalla-Wagner}, Tristan and Thien, Jannis and Kuschel, Olga and Wollschl{\"a}ger, Joachim and Veis, Martin and Kuschel, Timo and Hamrle, Jaroslav},
  year = {2019},
  month = aug,
  journal = {Physical Review B},
  volume = {100},
  number = {6},
  pages = {064403},
  issn = {2469-9950, 2469-9969},
  doi = {10.1103/PhysRevB.100.064403},
  langid = {english},
  file = {/data/references/storage/ZPNAFR3A/Silber et al. - 2019 - Quadratic magneto-optic Kerr effect spectroscopy o.pdf}
}

@article{tesarovaHighPrecisionMagnetic2012,
  title = {High Precision Magnetic Linear Dichroism Measurements in ({{Ga}},{{Mn}}){{As}}},
  author = {Tesa{\v r}ov{\'a}, N. and {\v S}ubrt, J. and Mal{\'y}, P. and N{\v e}mec, P. and Ellis, C. T. and Mukherjee, A. and Cerne, J.},
  year = {2012},
  month = dec,
  journal = {Review of Scientific Instruments},
  volume = {83},
  number = {12},
  pages = {123108},
  issn = {0034-6748, 1089-7623},
  doi = {10.1063/1.4771922},
  langid = {english},
  file = {/data/references/storage/TPT25RVH/Tesařová et al. - 2012 - High precision magnetic linear dichroism measureme.pdf}
}

@article{tesarovaSystematicStudyMagnetic2014,
  title = {Systematic Study of Magnetic Linear Dichroism and Birefringence in ({{Ga}},{{Mn}}){{As}}},
  author = {Tesa{\v r}ov{\'a}, N. and Ostatnick{\'y}, T. and Nov{\'a}k, V. and Olejn{\'i}k, K. and {\v S}ubrt, J. and Reichlov{\'a}, H. and Ellis, C. T. and Mukherjee, A. and Lee, J. and Sipahi, G. M. and Sinova, J. and Hamrle, J. and Jungwirth, T. and N{\v e}mec, P. and {\v C}erne, J. and V{\'y}born{\'y}, K.},
  year = {2014},
  month = feb,
  journal = {Physical Review B},
  volume = {89},
  number = {8},
  pages = {085203},
  issn = {1098-0121, 1550-235X},
  doi = {10.1103/PhysRevB.89.085203},
  langid = {english},
  file = {/data/references/storage/FPB2SE87/Tesařová et al. - 2014 - Systematic study of magnetic linear dichroism and .pdf}
}

@article{xuImagingAntiferromagneticDomains2019,
  title = {Imaging Antiferromagnetic Domains in Nickel Oxide Thin Films by Optical Birefringence Effect},
  author = {Xu, Jia and Zhou, Chao and Jia, Mengwen and Shi, Dong and Liu, Changqing and Chen, Haoran and Chen, Gong and Zhang, Guanhua and Liang, Yu and Li, Junqin and Zhang, Wei and Wu, Yizheng},
  year = {2019},
  month = oct,
  journal = {Physical Review B},
  volume = {100},
  number = {13},
  pages = {134413},
  issn = {2469-9950, 2469-9969},
  doi = {10.1103/PhysRevB.100.134413},
  langid = {english},
  file = {/data/references/storage/H93FZ5S7/Xu et al. - 2019 - Imaging antiferromagnetic domains in nickel oxide .pdf}
}

@article{yangMagnetoopticResponseMetallic2019,
  title = {Magneto-Optic Response of the Metallic Antiferromagnet {{Fe}} 2 {{As}} to Ultrafast Temperature Excursions},
  author = {Yang, Kexin and Kang, Kisung and Diao, Zhu and Ramanathan, Arun and Karigerasi, Manohar H. and Shoemaker, Daniel P. and Schleife, Andr{\'e} and Cahill, David G.},
  year = {2019},
  month = dec,
  journal = {Physical Review Materials},
  volume = {3},
  number = {12},
  pages = {124408},
  issn = {2475-9953},
  doi = {10.1103/PhysRevMaterials.3.124408},
  langid = {english},
  file = {/data/references/storage/UN6MYZRJ/Yang et al. - 2019 - Magneto-optic response of the metallic antiferroma.pdf}
}


